@article{adhianto10,
	title={{HPCToolkit}: Tools for performance analysis of optimized parallel programs},
	author={Adhianto, Laksono and Banerjee, Sinchan and Fagan, Mike and Krentel, Mark and Marin, Gabriel and Mellor-Crummey, John and Tallent, Nathan R},
	journal={Concurrency and Computation: Practice and Experience},
	volume={22},
	number={6},
	pages={685--701},
	year={2010},
	publisher={Wiley Online Library},
}

@misc{allineaddt,
	title={{A}llinea {DDT} and {MAP} User Guide --- Viewing Stacks in Parallel},
	howpublished={\url{https://www.allinea.com/user-guide/DDTControllingProgramExecution.html#x8-9600018}},
	key={allineaddt},
	year={2015},
	month=jan,
}

@misc{allineamap,
	title={{Allinea MAP}: Increase application performance},
	howpublished={\url{http://allinea.com/products/map}},
	key={allineamap},
	year={2015},
	month=jan,
}


@misc{amg,
	title={{ASC} {S}equoia Benchmark Codes -- {AMG}},
	howpublished={\url{https://asc.llnl.gov/sequoia/benchmarks/#amg}},
	key={amg},
	year={2015},
	month=jan,
}

@inproceedings{arnold07,
	title={Stack trace analysis for large scale debugging},
	author={Arnold, Dorian C and Ahn, Dong H and De Supinski, Bronis R and Lee, Gregory L and Miller, Barton P and Schulz, Martin},
	booktitle={Parallel and Distributed Processing Symposium, 2007. IPDPS 2007. IEEE International},
	pages={1--10},
	year={2007},
	organization={IEEE},
}

@article{bailey91,
	title={The {NAS} parallel benchmarks},
	author={Bailey, David H and Barszcz, Eric and Barton, John T and Browning, David S and Carter, Russell L and Dagum, Leonardo and Fatoohi, Rod A and Frederickson, Paul O and Lasinski, Thomas A and Schreiber, Rob S and others},
	journal={International Journal of High Performance Computing Applications},
	volume={5},
	number={3},
	pages={63--73},
	year={1991},
	publisher={SAGE Publications},
}

@phdthesis{brunst07,
	title={Integrative Concepts for Scalable Distributed Performance Analysis and Visualization of Parallel Programs},
	author={Brunst, Holger},
	year={2007},
	school={Technische Universit{\"a}t Dresden},
}

@inproceedings{bulatov04,
	title={Scalable line dynamics in {ParaDiS}},
	author={Bulatov, Vasily and Cai, Wei and Fier, Jeff and Hiratani, Masato and Hommes, Gregg and Pierce, Tim and Tang, Meijie and Rhee, Moono and Yates, Kim and Arsenlis, Tom},
	booktitle={Proceedings of the 2004 ACM/IEEE conference on Supercomputing},
	pages={19},
	year={2004},
	organization={IEEE Computer Society},
}

@inproceedings{bussmann13,
	title={Radiative signatures of the relativistic {K}elvin-{H}elmholtz instability},
	author={Bussmann, Michael and Burau, Heiko and Cowan, Thomas E and Debus, Alexander and Huebl, Alex and Juckeland, Guido and Kluge, Thomas and Nagel, Wolfgang E and Pausch, Richard and Schmitt, Felix and others},
	booktitle={Proceedings of SC13: International Conference for High Performance Computing, Networking, Storage and Analysis},
	pages={5},
	year={2013},
	organization={ACM},
}

@misc{callgrind,
	title={{Callgrind}: A call-graph generating cache and branch prediction profiler},
	howpublished={\url{http://valgrind.org/docs/manual/cl-manual.html}},
	key={callgrind},
	year={2015},
	month=jan,
}

@article{casas10,
	title={Automatic phase detection and structure extraction of {MPI} applications},
	author={Casas, Marc and Badia, Rosa M and Labarta, Jes{\'u}s},
	journal={International Journal of High Performance Computing Applications},
	volume={24},
	number={3},
	pages={335--360},
	year={2010},
	publisher={SAGE Publications},
}

@misc{cosmo,
	title={Consortium for small scale modeling ({COSMO})},
	howpublished={\url{http://www.cosmo-model.org}},
	key={cosmo},
	year={2015},
	month=jan,
}

@book{cpp,
	title={The {C\nolinebreak[4]\hspace{-.05em}\raisebox{.4ex}{\relsize{-3}\bfseries ++}} programming language},
	author={Stroustrup, Bjarne and others},
	year={1995},
	publisher={Pearson Education India},
}

@misc{cuda,
	title={Parallel Programming and Computing Platform | {CUDA} | {NVIDIA}},
	howpublished={\url{http://www.nvidia.com/object/cuda_home_new.html}},
	key={cuda},
	year={2015},
	month=jan,
}

@inproceedings{ester96,
	title={A density-based algorithm for discovering clusters in large spatial databases with noise},
	author={Ester, Martin and Kriegel, Hans-Peter and Sander, J{\"o}rg and Xu, Xiaowei},
	booktitle={Kdd},
	volume={96},
	pages={226--231},
	year={1996},
}

@misc{ffte,
	title={{FFTE}: A Fast Fourier Transform Package},
	howpublished={\url{http://ffte.jp}},
	key={ffte},
	year={2015},
	month=jan,
}

@article{forgy65,
	title={Cluster analysis of multivariate data: efficiency versus interpretability of classifications},
	author={Forgy, Edward W},
	journal={Biometrics},
	volume={21},
	pages={768--769},
	year={1965},
}

@inproceedings{gamblin10,
	title={Clustering performance data efficiently at massive scales},
	author={Gamblin, Todd and De Supinski, Bronis R and Schulz, Martin and Fowler, Rob and Reed, Daniel A},
	booktitle={Proceedings of the 24th ACM International Conference on Supercomputing},
	pages={243--252},
	year={2010},
	organization={ACM},
}

@techreport{ganter84,
	title={ Two basic algorithms in concept analysis },
	author={Ganter, Bernhard},
	type={FB4--Preprint},
	institution={TH Darmstadt},
	number={831},
	year={1984},
}

@book{ganter99,
	title={Formal concept analysis},
	author={Ganter, Bernhard and Wille, Rudolf and Wille, Rudolf},
	volume={284},
	year={1999},
	publisher={Springer Berlin},
}

@misc{ganter14,
	title={The Dresden Formal Concept Analysis Page},
	howpublished={\url{http://tu-dresden.de/Members/bernhard.ganter/fca/index_html}},
	key={ganter14},
	year={2015},
	month=jan,
}

@article{geimer10,
	title={The {Scalasca} Performance Toolset Architecture},
	author={Geimer, Markus and Wolf, Felix and Wylie, Brian JN and {\'A}brah{\'a}m, Erika and Becker, Daniel and Mohr, Bernd},
	journal={Concurrency and Computation: Practice and Experience},
	volume={22},
	number={6},
	pages={702--719},
	year={2010},
	publisher={Wiley Online Library},
}

@article{gibbon04,
	title={Tree-code simulations of proton acceleration from laser-irradiated wire targets},
	author={Gibbon, Paul and Beg, FN and Clark, EL and Evans, RG and Zepf, M},
	journal={Physics of Plasmas (1994-present)},
	volume={11},
	number={8},
	pages={4032--4040},
	year={2004},
	publisher={AIP Publishing},
}

@article{godin93,
	title={Experimental comparison of navigation in a Galois lattice with conventional information retrieval methods},
	author={Godin, Robert and Missaoui, Rokia and April, Alain},
	journal={International Journal of Man-Machine Studies},
	volume={38},
	number={5},
	pages={747--767},
	year={1993},
	publisher={Elsevier},
}

@inproceedings{gonzalez09a,
	title={Automatic detection of parallel applications computation phases},
	author={Gonzalez, Juan and Gimenez, Judit and Labarta, Jesus},
	booktitle={Parallel \& Distributed Processing, 2009. IPDPS 2009. IEEE International Symposium on},
	pages={1--11},
	year={2009},
	organization={IEEE},
}

@inproceedings{gonzalez09b,
	title={Automatic evaluation of the computation structure of parallel applications},
	author={Gonzalez, Juan and Gimenez, Judit and Labarta, Jesus},
	booktitle={Parallel and Distributed Computing, Applications and Technologies, 2009 International Conference on},
	pages={138--145},
	year={2009},
	organization={IEEE},
}

@misc{googleperftools,
	title={{Google Performance Tools} -- Fast, multi-threaded malloc() and nifty performance analysis tools},
	howpublished={\url{https://code.google.com/p/gperftools}},
	key={googleperftools},
	year={2015},
	month=jan,
}

@misc{gprof-multithreading,
	title={HOWTO: using gprof with multithreaded applications},
	howpublished={\url{http://sam.zoy.org/writings/programming/gprof.html}},
	key={gprof-multithreading},
	year={2015},
	month=jan,
}

@inproceedings{graham82,
	title={{Gprof}: A Call Graph Execution Profiler},
	author={Graham, Susan L and Kessler, Peter B and Mckusick, Marshall K},
	booktitle={ACM Sigplan Notices},
	volume={17},
	pages={120--126},
	year={1982},
	organization={ACM},
}

@misc{gromacs,
	title={{GROMACS}},
	howpublished={\url{http://www.gromacs.org}},
	key={gromacs},
	year={2015},
	month=jan,
}

@article{gruetzun08,
	title={Simulation of the influence of aerosol particle characteristics on clouds and precipitation with {LM-SPECS}: Model description and first results},
	author={Gr{\"u}tzun, Verena and Knoth, Oswald and Simmel, Martin},
	journal={Atmospheric Research},
	volume={90},
	number={2},
	pages={233--242},
	year={2008},
	publisher={Elsevier},
}

@inproceedings{hall92,
	title={Call path profiling},
	author={Hall, Robert J},
	booktitle={Proceedings of the 14th international conference on Software engineering},
	pages={296--306},
	year={1992},
	organization={ACM},
}
% chapter 5 in this talks about sampling vs tracing

@misc{homme,
	title={{HOMME} | High-Order Methods Modeling Environment},
	howpublished={\url{https://www.homme.ucar.edu}},
	key={homme},
	year={2015},
	month=jan,
}

@misc{hpl,
	title={{HPL} -- A Portable Implementation of the High-Performance Linpack Benchmark for Distributed-Memory Computers},
	howpublished={\url{http://www.netlib.org/benchmark/hpl}},
	key={hpl},
	year={2015},
	month=jan,
}

@inproceedings{hu07,
	title={A Parallel Algorithm to Construct Concept Lattice},
	author={Hu, Xuegang and Wei, Xiang and Wang, Dexing and Li, Peipei},
	booktitle={Fuzzy Systems and Knowledge Discovery, 2007. FSKD 2007. Fourth International Conference on},
	volume={2},
	pages={119--123},
	year={2007},
	organization={IEEE},
}

@misc{hyperthreading,
	title={{I}ntel {H}yper-{T}hreading {T}echnology},
	howpublished={\url{http://www.intel.com/content/www/us/en/architecture-and-technology/hyper-threading/hyper-threading-technology.html}},
	key={hyperthreading},
	year={2015},
	month=jan,
}

@misc{irs,
	title={{ASC} {S}equoia Benchmark Codes -- {IRS}},
	howpublished={\url{https://asc.llnl.gov/sequoia/benchmarks/#irs}},
	key={irs},
	year={2015},
	month=jan,
}

@misc{ita,
	title={{{I}ntel {T}race {A}nalyzer and {C}ollector}},
	howpublished={\url{https://software.intel.com/intel-trace-analyzer}},
	key={ita},
	year={2014},
	month=sep,
}

@article{jaccard01,
	title={{\'E}tude comparative de la distribution florale dans une portion des Alpes et du Jura},
	author={Jaccard, Paul},
	journal={Bulletin de la Soci{\'e}t{\'e} Vaudoise des Sciences Naturelles},
	volume={37},
	pages={547--579},
	year={1901},
	publisher={Imprimerie Corbaz},
}

@article{jain10,
	title={Data clustering: 50 years beyond K-means},
	author={Jain, Anil K},
	journal={Pattern Recognition Letters},
	volume={31},
	number={8},
	pages={651--666},
	year={2010},
	publisher={Elsevier},
}

@inproceedings{johnson91,
	title={Developing Monitoring and Debugging Tools for the {AP1000} Array Multiprocessor,"},
	author={Johnson, CW and Thistlewaite, PB and Walsh, D and Zellner, M},
	booktitle={Proceedings of the Second Fujitsu-ANU CAP Workshop C},
	volume={1},
	pages={C15},
	year={1991},
}

@phdthesis{juckeland12,
	title={Trace-Based Performance Analysis for Hardware Accelerators},
	author={Juckeland, Guido},
	year={2012},
	school={Technische Universit{\"a}t Dresden},
}

@inproceedings{karlin13,
	title={Exploring traditional and emerging parallel programming models using a proxy application},
	author={Karlin, Ian and Bhatele, Abhinav and Keasler, Jeff and Chamberlain, Bradford L and Cohen, Jonathan and DeVito, Zachary and Haque, Riyaz and Laney, Dan and Luke, Edward and Wang, Felix and others},
	booktitle={Parallel \& Distributed Processing (IPDPS), 2013 IEEE 27th International Symposium on},
	pages={919--932},
	year={2013},
	organization={IEEE},
}

@book{kaufman87,
	title={Clustering by means of medoids},
	author={Kaufman, Leonard and Rousseeuw, Peter},
	year={1987},
	publisher={North-Holland},
}

@incollection{knuepfer06,
	title={Introducing the Open Trace Format ({OTF})},
	author={Kn{\"u}pfer, Andreas and Brendel, Ronny and Brunst, Holger and Mix, Hartmut and Nagel, Wolfgang E},
	booktitle={Computational Science--ICCS 2006},
	pages={526--533},
	year={2006},
	publisher={Springer},
}

@incollection{knuepfer07,
	title={Visualization of Repetitive Patterns in Event Traces},
	author={Kn{\"u}pfer, Andreas and Voigt, Bernhard and Nagel, Wolfgang E and Mix, Hartmut},
	booktitle={Applied Parallel Computing. State of the Art in Scientific Computing},
	pages={430--439},
	year={2007},
	publisher={Springer},
}

@phdthesis{knuepfer08a,
	title={Advanced Memory Data Structures for Scalable Event Trace Analysis},
	author={Kn{\"u}pfer, Andreas},
	year={2008},
	school={Technische Universit{\"a}t Dresden},
}

@incollection{knuepfer08b,
	title={The {Vampir} Performance Analysis Tool-Set},
	author={Kn{\"u}pfer, Andreas and Brunst, Holger and Doleschal, Jens and Jurenz, Matthias and Lieber, Matthias and Mickler, Holger and M{\"u}ller, Matthias S and Nagel, Wolfgang E},
	booktitle={Tools for High Performance Computing},
	pages={139--155},
	year={2008},
	publisher={Springer},
}

@misc{lieber,
	title={{FD4}: Four-Dimensional Distributed Dynamic Data structures},
	howpublished={\url{http://wwwpub.zih.tu-dresden.de/~mlieber/fd4}},
	key={lieber},
	year={2015},
	month=jan,
}

@inproceedings{lieber09,
	title={A framework for detailed multiphase cloud modeling on {HPC} systems},
	author={Lieber, Matthias and Wolke, Ralf and Gr{\"u}tzun, Verena and M{\"u}ller, Matthias S and Nagel, Wolfgang E},
	booktitle={PARCO},
	pages={281--288},
	year={2009},
}

@incollection{liu03,
	title={Research on a union algorithm of multiple concept lattices},
	author={Liu, Zongtian and Li, Liansheng and Zhang, Qing},
	booktitle={Rough Sets, Fuzzy Sets, Data Mining, and Granular Computing},
	pages={533--540},
	year={2003},
	publisher={Springer},
}

@article{lloyd82,
	title={Least squares quantization in {PCM}},
	author={Lloyd, Stuart},
	journal={Information Theory, IEEE Transactions on},
	volume={28},
	number={2},
	pages={129--137},
	year={1982},
	publisher={IEEE},
}

@misc{lulesh,
	title={{L}ivermore {U}nstructured {L}agrangian {E}xplicit {S}hock {H}ydrodynamics ({LULESH})},
	howpublished={\url{https://codesign.llnl.gov/lulesh.php}},
	key={lulesh},
	year={2015},
	month=jan,
}

@inproceedings{luszczek06,
	title={The {HPC} {C}hallenge ({HPCC}) benchmark suite},
	author={Luszczek, Piotr R and Bailey, David H and Dongarra, Jack J and Kepner, Jeremy and Lucas, Robert F and Rabenseifner, Rolf and Takahashi, Daisuke},
	booktitle={Proceedings of the 2006 ACM/IEEE conference on Supercomputing},
	pages={213},
	year={2006},
}

@inproceedings{macqueen67,
	title={Some methods for classification and analysis of multivariate observations},
	author={MacQueen, James and others},
	booktitle={Proceedings of the fifth Berkeley symposium on mathematical statistics and probability},
	volume={1},
	pages={281--297},
	year={1967},
	organization={California, USA},
}

@article{mcgill78,
	title={Variations of box plots},
	author={McGill, Robert and Tukey, John W and Larsen, Wayne A},
	journal={The American Statistician},
	volume={32},
	number={1},
	pages={12--16},
	year={1978},
	publisher={Taylor \& Francis Group},
}

@inproceedings{michalakes01,
	title={Development of a next generation regional weather research and forecast model},
	author={Michalakes, J and Chen, S and Dudhia, J and Hart, L and Klemp, J and Middlecoff, J and Skamarock, W},
	booktitle={Developments in Teracomputing: Proceedings of the Ninth ECMWF Workshop on the use of high performance computing in meteorology},
	volume={1},
	pages={269--276},
	year={2001},
	organization={World Scientific},
}

@inproceedings{mohror09,
	title={Evaluating similarity-based trace reduction techniques for scalable performance analysis},
	author={Mohror, Kathryn and Karavanic, Karen L},
	booktitle={Proceedings of the Conference on High Performance Computing Networking, Storage and Analysis},
	pages={55},
	year={2009},
	organization={ACM},
}

@misc{mpi,
	title={{M}essage {P}assing {I}nterface ({MPI}) Forum},
	howpublished={\url{http://mpi-forum.org}},
	key={mpi},
	year={2015},
	month=jan,
}

@inproceedings{njiwoua97,
	title={A parallel algorithm to build concept lattice},
	author={Njiwoua, Patrick and Nguifo, E Mephu},
	booktitle={Proceedings of the 4th Groningen International Information Technology Conference for Students},
	volume={107},
	year={1997},
}

@misc{openmp,
	title={{OpenMP} Specifications},
	howpublished={\url{http://openmp.org/wp/openmp-specifications}},
	key={openmp},
	year={2015},
	month=jan,
}

@misc{paradis,
	title={{ParaDiS}: Dislocation Simulations},
	howpublished={\url{http://paradis.stanford.edu}},
	key={paradis},
	year={2014},
	month=oct,
}

@inproceedings{pillet95,
	title={{Paraver}: A tool to visualize and analyze parallel code},
	author={Pillet, Vincent and Labarta, Jes{\'u}s and Cortes, Toni and Girona, Sergi},
	booktitle={Proceedings of WoTUG-18: Transputer and occam Developments},
	volume={44},
	pages={17--31},
	year={1995},
}

@misc{priss,
	title={Uta Priss' Formal Concept Analysis Homepage},
	howpublished={\url{http://www.upriss.org.uk/fca/fca.html}},
	key={priss},
	year={2015},
	month=jan,
}

@misc{qt,
	title={{Q}t {P}roject},
	howpublished={\url{http://qt-project.org/}},
	key={qt},
	year={2015},
	month=jan,
}

@inproceedings{ratn08,
	title={Preserving time in large-scale communication traces},
	author={Ratn, Prasun and Mueller, Frank and de Supinski, Bronis R and Schulz, Martin},
	booktitle={Proceedings of the 22nd annual international conference on Supercomputing},
	pages={46--55},
	year={2008},
	organization={ACM},
}

@mastersthesis{reiniger13,
	title={{B}estimmung und {D}arstellung von {{\"A}}hnlichkeiten in {P}rogrammspuren mit parallelen {P}rogrammablaufgraphen},
	author={Reiniger, Steve},
	year={2013},
	school={Dresden, Technische Universit{\"a}t},
	type={Diploma Thesis},
}

@article{rockel08,
	title={The regional climate model {COSMO-CLM} ({CCLM})},
	author={Rockel, Burkhard and Will, Andreas and Hense, Andreas},
	journal={Meteorologische Zeitschrift},
	volume={17},
	number={4},
	pages={347--348},
	year={2008},
	publisher={Berlin: Borntraeger, c1992-},
}

@incollection{schulz07,
	title={Practical Differential Profiling},
	author={Schulz, Martin and de Supinski, Bronis R},
	booktitle={Euro-Par 2007 Parallel Processing},
	pages={97--106},
	year={2007},
	publisher={Springer},
}

@article{schulz08,
	title={{Open|SpeedShop}: An Open Source Infrastructure for Parallel Performance Analysis},
	author={Schulz, Martin and Galarowicz, Jim and Maghrak, Don and Hachfeld, William and Montoya, David and Cranford, Scott},
	journal={Scientific Programming},
	volume={16},
	number={2},
	pages={105--121},
	year={2008},
	publisher={IOS Press},
}

@inproceedings{scorep10,
	title={{Score-P}: A Unified Performance Measurement System for Petascale Applications},
	author={an Mey, Dieter and Biersdorff, Scott and Bischof, Christian and Diethelm, Kai and Eschweiler, Dominic and Gerndt, Michael and Kn{\"{u}}pfer, Andreas and Lorenz, Daniel and Malony, Allen D. and Nagel, Wolfgang E and Oleynik, Yury and R{\"{o}}ssel, Christian and Saviankou, Pavel and Schmidl, Dirk and Shende, Sameer S. and Wagner, Michael and Wesarg, Bert and Wolf, Felix},
	booktitle={Proc. of the CiHPC: Competence in High Performance Computing, HPC Status Konferenz der Gau{\ss}-Allianz e.V., Schwetzingen, Germany, June 2010},
	year={2012},
	pages={85--97},
	publisher={Springer},
	organization={Gau{\ss}-Allianz},
	isbn={978-3-642-24025-6},
	url={http://www.springerlink.com/content/t041605372024474/?MUD=MP},
	doi={10.1007/978-3-642-24025-6_8},
}

@article{shende06,
	title={The {TAU} parallel performance system},
	author={Shende, Sameer S and Malony, Allen D},
	journal={International Journal of High Performance Computing Applications},
	volume={20},
	number={2},
	pages={287--311},
	year={2006},
	publisher={SAGE Publications},
}

@inproceedings{song04,
	title={An Algebra for Cross-Experiment Performance Analysis},
	author={Song, Fengguang and Wolf, Felix and Bhatia, Nikhil and Dongarra, Jack and Moore, Shirley},
	booktitle={Parallel Processing, 2004. ICPP 2004. International Conference on},
	pages={63--72},
	year={2004},
	organization={IEEE},
}

@misc{spmd,
	title={single program multiple data --- Dictionary of Algorithms and Datastructures --- National Institute of Standards and Technology},
	howpublished={\url{http://xlinux.nist.gov/dads//HTML/singleprogrm.html}},
	key={spmd},
	year={2015},
	month=jan,
}

@article{steinhaus56,
	title={Sur la division des corps mat{\'e}riels en parties},
	author={Steinhaus, Hugo},
	journal={Bulletin de l'Acad{\'e}mie Polonaise des Sciences},
	pages={801--804},
	volume={1},
	year={1956},
}

@misc{top500,
	title={{TOP500} Supercomputer Sites},
	howpublished={\url{http://top500.org}},
	key={top500},
	year={2014},
	month=oct,
}

@misc{turboboost,
	title={{I}ntel {T}urbo {B}oost {T}echnology 2.0},
	howpublished={\url{http://www.intel.com/content/www/us/en/architecture-and-technology/turbo-boost/turbo-boost-technology.html}},
	key={turboboost},
	year={2015},
	month=jan,
}

@article{tversky77,
	title={Features of similarity},
	author={Tversky, Amos},
	journal={Psychological Review},
	volume={84},
	number={4},
	pages={327--352},
	publisher={American Psychological Association},
	year={1977},
}

@misc{vampirtrace,
	title={{VampirTrace}},
	howpublished={\url{http://tu-dresden.de/zih/vampirtrace}},
	key={vampirtrace},
	year={2015},
	month=jan,
}

@incollection{van04,
	title={{AddIntent}: A New Incremental Algorithm for Constructing Concept Lattices},
	author={Van Der Merwe, Dean and Obiedkov, Sergei and Kourie, Derrick},
	booktitle={Concept Lattices},
	pages={372--385},
	year={2004},
	publisher={Springer},
}

@article{van05,
	title={{GROMACS}: fast, flexible, and free},
	author={Van Der Spoel, David and Lindahl, Erik and Hess, Berk and Groenhof, Gerrit and Mark, Alan E and Berendsen, Herman JC},
	journal={Journal of computational chemistry},
	volume={26},
	number={16},
	pages={1701--1718},
	year={2005},
	publisher={Wiley Online Library},
}

@inproceedings{weber12,
	title={Trace File Comparison with a Hierarchical Sequence Alignment Algorithm},
	author={Weber, Matthias and Brendel, Ronny and Brunst, Holger},
	booktitle={IEEE 10th International Symposium on Parallel and Distributed Processing with Applications},
	pages={247--254},
	year={2012},
	organization={IEEE},
}

@incollection{weber13,
	title={Alignment-Based Metrics for Trace Comparison},
	author={Weber, Matthias and Mohror, Kathryn and Schulz, Martin and de Supinski, Bronis R. and Brunst, Holger and Nagel, Wolfgang E},
	booktitle={Euro-Par 2013 Parallel Processing},
	pages={29--40},
	year={2013},
	publisher={Springer},
}

@incollection{weidendorfer08,
	title={Sequential performance analysis with {C}allgrind and {KC}achegrind},
	author={Weidendorfer, Josef},
	booktitle={Tools for High Performance Computing},
	pages={93--113},
	year={2008},
	publisher={Springer},
}

@misc{wrf,
	title={The Weather Research \& Forecast Model},
	howpublished={\url{http://wrf-model.org}},
	key={wrf},
	year={2015},
	month=jan,
}

@misc{xeone52690,
	title={{ARK} | {I}ntel {X}eon Processor {E}5--2690},
	howpublished={\url{http://ark.intel.com/products/64596/Intel-Xeon-Processor-E5-2690-20M-Cache-2_90-GHz-8_00-GTs-Intel-QPI}},
	key={xeone52690},
	year={2015},
	month=jan,
}

@misc{xeonphi,
	title={{I}ntel {X}eon {P}hi Product Family},
	howpublished={\url{http://www.intel.com/content/www/us/en/processors/xeon/xeon-phi-detail.html}},
	key={xeonphi},
	year={2015},
	month=jan,
}
