@inproceedings{an_mey_ea10,
	title={{Score-P}: {A} Unified Performance Measurement System for Petascale Applications},
	author={an Mey, Dieter and Biersdorff, Scott and Bischof, Christian and Diethelm, Kai and Eschweiler, Dominic and Gerndt, Michael and Kn{\"{u}}pfer, Andreas and Lorenz, Daniel and Malony, Allen D. and Nagel, Wolfgang E. and Oleynik, Yury and R{\"{o}}ssel, Christian and Saviankou, Pavel and Schmidl, Dirk and Shende, Sameer S. and Wagner, Michael and Wesarg, Bert and Wolf, Felix},
	booktitle={Proc. of the CiHPC: Competence in High Performance Computing, HPC Status Konferenz der Gau{\ss}-Allianz e.V., Schwetzingen, Germany, June 2010},
	year={2012},
	pages={85--97},
	publisher={Springer},
	organization={Gau{\ss}-Allianz},
	isbn={978-3-642-24025-6},
	url={http://www.springerlink.com/content/t041605372024474/?MUD=MP},
	doi={10.1007/978-3-642-24025-6_8}
}

@article{geimer10,
	title={The Scalasca Performance Toolset Architecture},
	author={Geimer, Markus and Wolf, Felix and Wylie, Brian JN and {\'A}brah{\'a}m, Erika and Becker, Daniel and Mohr, Bernd},
	journal={Concurrency and Computation: Practice and Experience},
	volume={22},
	number={6},
	pages={702--719},
	year={2010},
	publisher={Wiley Online Library}
}

@inproceedings{graham82,
	title={Gprof: A Call Graph Execution Profiler},
	author={Graham, Susan L and Kessler, Peter B and Mckusick, Marshall K},
	booktitle={ACM Sigplan Notices},
	volume={17},
	pages={120--126},
	year={1982},
	organization={ACM}
}

@article{gruetzun08,
	title={Simulation of the influence of aerosol particle characteristics on clouds and precipitation with {LM-SPECS}: Model description and first results},
	author={Gr{\"u}tzun, V and Knoth, O and Simmel, M},
	journal={Atmospheric Research},
	volume={90},
	pages={233--242},
	year={2008},
	publisher={Elsevier}
}

@misc{ita,
	title={Intel Trace Analyzer and Collector},
	howpublished={\url{https://software.intel.com/intel-trace-analyzer}},
	key={ita}
}

@incollection{knuepfer06,
	title={Introducing the Open Trace Format (OTF)},
	author={Kn{\"u}pfer, Andreas and Brendel, Ronny and Brunst, Holger and Mix, Hartmut and Nagel, Wolfgang E},
	booktitle={Computational Science--ICCS 2006},
	pages={526--533},
	year={2006},
	publisher={Springer}
}

@incollection{knuepfer07,
	title={Visualization of Repetitive Patterns in Event Traces},
	author={Kn{\"u}pfer, Andreas and Voigt, Bernhard and Nagel, Wolfgang E and Mix, Hartmut},
	booktitle={Applied Parallel Computing. State of the Art in Scientific Computing},
	pages={430--439},
	year={2007},
	publisher={Springer}
}

@phdthesis{knuepfer08,
	title={Advanced Memory Data Structures for Scalable Event Trace Analysis},
	author={Kn{\"u}pfer, Andreas},
	year={2008},
	school={Dresden, Technische Universit{\"a}t}
}

@incollection{schulz07,
	title={Practical Differential Profiling},
	author={Schulz, Martin and de Supinski, Bronis R},
	booktitle={Euro-Par 2007 Parallel Processing},
	pages={97--106},
	year={2007},
	publisher={Springer}
}

@article{schulz08,
	title={Open| SpeedShop: An Open Source Infrastructure for Parallel Performance Analysis},
	author={Schulz, Martin and Galarowicz, Jim and Maghrak, Don and Hachfeld, William and Montoya, David and Cranford, Scott},
	journal={Scientific Programming},
	volume={16},
	number={2},
	pages={105--121},
	year={2008},
	publisher={IOS Press}
}

@inproceedings{song04,
	title={An Algebra for Cross-Experiment Performance Analysis},
	author={Song, Fengguang and Wolf, Felix and Bhatia, Nikhil and Dongarra, Jack and Moore, Shirley},
	booktitle={Parallel Processing, 2004. ICPP 2004. International Conference on},
	pages={63--72},
	year={2004},
	organization={IEEE}
}

@incollection{vampir08,
	title={The Vampir Performance Analysis Tool-Set},
	author={Kn{\"u}pfer, Andreas and Brunst, Holger and Doleschal, Jens and Jurenz, Matthias and Lieber, Matthias and Mickler, Holger and M{\"u}ller, Matthias S. and Nagel, Wolfgang E.},
	booktitle={Tools for High Performance Computing},
	pages={139--155},
	year={2008},
	publisher={Springer}
}

@inproceedings{weber12,
	title={Trace File Comparison with a Hierarchical Sequence Alignment Algorithm},
	author={Weber, Matthias and Brendel, Ronny and Brunst, Holger},
	booktitle={IEEE 10th International Symposium on Parallel and Distributed Processing with Applications},
	pages={247--254},
	year={2012},
	organization={IEEE}
}

@incollection{weber13,
	title={Alignment-Based Metrics for Trace Comparison},
	author={Weber, Matthias and Mohror, Kathryn and Schulz, Martin and de Supinski, Bronis R. and Brunst, Holger and Nagel, Wolfgang E.},
	booktitle={Euro-Par 2013 Parallel Processing},
	pages={29--40},
	year={2013},
	publisher={Springer}
}

